@CLU{admin_2019,
  title={Community Labor United â€“ Empowering community and labor organizations that protect and promote the interests of working families.},
  url={http://massclu.org/},
  journal={Community Labor United},
  publisher={Community Labor United},
  author={Admin}, 
  year={2019},
  month={Mar}} 

@bostonshapefile{worldmap, title={Harvard WorldMap}, url={http://worldmap.harvard.edu/data/geonode:boston_neighborhood_shapefiles_iq5}, journal={WorldMap}}

@EEC{weber_2019, 
  title={Department of Early Education and Care}, 
  url={https://www.mass.gov/orgs/department-of-early-education-and-care}, 
  journal={Mass.gov}, 
  publisher={Common Wealth of Massachusetts}, 
  author={Weber, Thomas L}, 
  year={2019}}
