@misc{worldmap, title={Harvard WorldMap}, url={http://worldmap.harvard.edu/data/geonode:boston_neighborhood_shapefiles_iq5}, journal={WorldMap}}